<record><leader>00000cas a2200000 a 4500</leader><controlfield tag="001">143208236</controlfield><controlfield tag="007">hd afb---bucu</controlfield><controlfield tag="007">hd bfb---bubu</controlfield><controlfield tag="008">070611d190119uuwausr nea     0    0eng c</controlfield><datafield ind1=" " ind2=" " tag="010"><subfield code="a">  2007252500</subfield></datafield><datafield ind1=" " ind2=" " tag="040"><subfield code="a">WAU</subfield><subfield code="b">eng</subfield><subfield code="c">WAU</subfield><subfield code="d">OCLCQ</subfield><subfield code="d">OCLCF</subfield></datafield><datafield ind1="1" ind2=" " tag="029"><subfield code="a">AU@</subfield><subfield code="b">000041710248</subfield></datafield><datafield ind1=" " ind2=" " tag="042"><subfield code="a">pcc</subfield></datafield><datafield ind1=" " ind2=" " tag="043"><subfield code="a">n-us-wa</subfield></datafield><datafield ind1="0" ind2=" " tag="130"><subfield code="a">Whidbey Islander (Langley, Wash. : 1901)</subfield></datafield><datafield ind1="1" ind2="4" tag="245"><subfield code="a">The Whidbey Islander</subfield><subfield code="h">[microform].</subfield></datafield><datafield ind1=" " ind2=" " tag="260"><subfield code="a">Langley, Wash. :</subfield><subfield code="b">D. Sanford and E. Sanford</subfield></datafield><datafield ind1=" " ind2=" " tag="300"><subfield code="a">v.</subfield></datafield><datafield ind1=" " ind2=" " tag="310"><subfield code="a">Semimonthly</subfield></datafield><datafield ind1=" " ind2=" " tag="500"><subfield code="a">Place of publication varies: Langley, Wash., -1902; Freeland, Wash., 1902-</subfield></datafield><datafield ind1=" " ind2=" " tag="588"><subfield code="a">Description based on: 1st year, no. 8 (Mar. 1, 1901).</subfield></datafield><datafield ind1=" " ind2=" " tag="533"><subfield code="a">Microfilm.</subfield><subfield code="b">[Seattle, Wash.] :</subfield><subfield code="c">Filmed by University of Washington Library.</subfield><subfield code="e">1 microfilm reel ; 35 mm.</subfield><subfield code="n">Filmed with other titles.</subfield></datafield><datafield ind1=" " ind2="0" tag="651"><subfield code="a">Langley (Wash.)</subfield><subfield code="v">Newspapers.</subfield></datafield><datafield ind1=" " ind2="0" tag="651"><subfield code="a">Freeland (Wash.)</subfield><subfield code="v">Newspapers.</subfield></datafield><datafield ind1=" " ind2="7" tag="655"><subfield code="a">Newspapers.</subfield><subfield code="2">fast</subfield><subfield code="0">(OCoLC)fst01423814</subfield></datafield><datafield ind1=" " ind2="7" tag="651"><subfield code="a">Washington (State)</subfield><subfield code="z">Freeland.</subfield><subfield code="2">fast</subfield><subfield code="0">(OCoLC)fst01308433</subfield></datafield><datafield ind1=" " ind2="7" tag="651"><subfield code="a">Washington (State)</subfield><subfield code="z">Langley.</subfield><subfield code="2">fast</subfield><subfield code="0">(OCoLC)fst01248151</subfield></datafield><datafield ind1=" " ind2=" " tag="752"><subfield code="a">United States</subfield><subfield code="b">Washington</subfield><subfield code="c">Island</subfield><subfield code="d">Langley.</subfield></datafield><datafield ind1=" " ind2=" " tag="752"><subfield code="a">United States</subfield><subfield code="b">Washington</subfield><subfield code="c">Island</subfield><subfield code="d">Freeland.</subfield></datafield><datafield ind1="1" ind2=" " tag="776"><subfield code="c">Original</subfield><subfield code="w">(DLC)sn 87093257</subfield><subfield code="w">(OCoLC)17206187</subfield></datafield></record>